@book{brody2001active,
    title = {{Active packaging for food applications}},
    year = {2001},
    author = {Brody, Aaron L. and Strupinsky, E P and Kline, Lauri R},
    publisher = {CRC press}
}

@article{lazzari1999drying,
    title = {{Drying and oxidative degradation of linseed oil}},
    year = {1999},
    journal = {Polymer degradation and stability},
    author = {Lazzari, Massimo and Chiantore, Oscar},
    number = {2},
    pages = {303--313},
    volume = {65},
    publisher = {Elsevier}
}

@book{robertson2016food,
    title = {{Food packaging: principles and practice}},
    year = {2016},
    author = {Robertson, Gordon L},
    publisher = {CRC press}
}

@article{ascher1995implicit,
    title = {{Implicit-explicit methods for time-dependent partial differential equations}},
    year = {1995},
    journal = {SIAM Journal on Numerical Analysis},
    author = {Ascher, Uri M and Ruuth, Steven J and Wetton, Brian T R},
    number = {3},
    pages = {797--823},
    volume = {32},
    publisher = {SIAM}
}

@phdthesis{carranza2010modeling,
    title = {{Modeling of oxygen scavenging polymers and composites}},
    year = {2010},
    author = {Carranza, Susana}
}

@article{cruz2012oxygen,
    title = {{Oxygen scavengers: an approach on food preservation}},
    year = {2012},
    journal = {Structure and function of food engineering},
    author = {Cruz, Renato Souza and Camilloto, Geany Peruch and dos Santos Pires, Ana Clarissa},
    volume = {2},
    publisher = {InTech Rijeka, Croat}
}

@article{shampine1997matlab,
    title = {{The matlab ode suite}},
    year = {1997},
    journal = {SIAM journal on scientific computing},
    author = {Shampine, Lawrence F and Reichelt, Mark W},
    number = {1},
    pages = {1--22},
    volume = {18},
    publisher = {SIAM}
}

@article{audouin1995close,
    title = {{“Close loop” mechanistic schemes for hydrocarbon polymer oxidation}},
    year = {1995},
    journal = {Journal of Polymer Science Part A: Polymer Chemistry},
    author = {Audouin, L and Gueguen, V and Tcharkhtchi, A and Verdu, J},
    number = {6},
    pages = {921--927},
    volume = {33},
    publisher = {Wiley Online Library}
}

@article{Ahmed2017AFoods,
    title = {{A comprehensive review on the application of active packaging technologies to muscle foods}},
    year = {2017},
    journal = {Food Control},
    author = {Ahmed, Ishfaq and Lin, Hong and Zou, Long and Brody, Aaron L. and Li, Zhenxing and Qazi, Ihsan M. and Pavase, Tushar R. and Lv, Liangtao},
    month = {12},
    pages = {163--178},
    volume = {82},
    url = {https://linkinghub.elsevier.com/retrieve/pii/S0956713517303006},
    doi = {10.1016/j.foodcont.2017.06.009},
    issn = {09567135}
}

@article{Tewari2002AbsorptionScavengers,
    title = {{Absorption kinetics of oxygen scavengers}},
    year = {2002},
    journal = {International Journal of Food Science and Technology},
    author = {Tewari, Gaurav and Jayas, Digvir S. and Jeremiah, Lester E. and Holley, Richard A.},
    number = {2},
    month = {2},
    pages = {209--217},
    volume = {37},
    url = {http://doi.wiley.com/10.1046/j.1365-2621.2002.00558.x},
    doi = {10.1046/j.1365-2621.2002.00558.x},
    issn = {0950-5423}
}

@article{SouzaCruz2005AbsorvedoresRevisao,
    title = {{Absorvedores De Oxig{\^{e}}nio Na Conserva{\c{c}}{\~{a}}o De Alimentos: Uma Revis{\~{a}}o}},
    year = {2005},
    journal = {Revista Ceres},
    author = {Souza Cruz, Renato and Soares Ferreira, Nilda de Fátimade and De Andrade, Nélio José},
    url = {https://www.redalyc.org/articulo.oa?id=305242980003},
    issn = {0034-737X},
    keywords = {Active packaging, Embalagem ativa, absorvedor de oxig{\^{e}}nio, bakery products, conserva{\c{c}}{\~{a}}o de alimentos., food conservation., microbiological safety, oxygen absorbers, produtos de panifica{\c{c}}{\~{a}}o, seguran{\c{c}}a microbiol{\'{o}}gica}
}

@misc{GomezAlfonzo2018AceiteOxigeno,
    title = {{Aceite de linaza encapsulado mediante el m{\'{e}}todo sol-gel para uso potencial en empaques activos absorbedores de ox{\'{i}}geno}},
    year = {2018},
    author = {G{\'{o}}mez Alfonzo, Reynel Humberto},
    institution = {Universidad de los Andes},
    address = {Bogot{\'{a}}}
}

@article{PereiradeAbreu2012ActiveIndustry,
    title = {{Active and Intelligent Packaging for the Food Industry}},
    year = {2012},
    journal = {Food Reviews International},
    author = {Pereira de Abreu, T. and Cruz, J. M. and Paseiro Losada, P.},
    number = {2},
    month = {4},
    pages = {146--187},
    volume = {28},
    publisher = {Taylor {\&} Francis},
    url = {https://doi.org/10.1080/87559129.2011.595022 http://www.tandfonline.com/doi/abs/10.1080/87559129.2011.595022},
    doi = {10.1080/87559129.2011.595022},
    issn = {8755-9129}
}

@article{Kruijf2002ActiveAspects,
    title = {{Active and intelligent packaging: applications and regulatory aspects}},
    year = {2002},
    journal = {Food Additives {\&} Contaminants},
    author = {Kruijf, N. De and Beest, M. Van and Rijk, R. and Sipil{\"{a}}inen-Malm, T. and Losada, P. Paseiro and Meulenaer, B. De},
    number = {sup1},
    month = {4},
    pages = {144--162},
    volume = {19},
    url = {http://www.tandfonline.com/doi/abs/10.1080/02652030110072722},
    doi = {10.1080/02652030110072722},
    issn = {0265-203X}
}

@incollection{Yildirim2018ActivePackaging,
    title = {{Active Packaging}},
    year = {2018},
    booktitle = {Nanomaterials for Food Packaging},
    author = {Yildirim, Selçuk and R{\"{o}}cker, Bettina},
    pages = {173--202},
    publisher = {Elsevier},
    url = {https://linkinghub.elsevier.com/retrieve/pii/B9780323512718000073},
    doi = {10.1016/B978-0-323-51271-8.00007-3}
}

@article{Singh2011ActiveTrends,
    title = {{Active packaging of food products: recent trends}},
    year = {2011},
    journal = {Nutrition {\&} Food Science},
    author = {Singh, Preeti and Abas Wani, Ali and Saengerlaub, Sven},
    number = {4},
    month = {7},
    pages = {249--260},
    volume = {41},
    url = {https://www.emeraldinsight.com/doi/10.1108/00346651111151384},
    doi = {10.1108/00346651111151384},
    issn = {0034-6659}
}

@article{Floros1997ActiveApplications,
    title = {{Active packaging technologies and applications}},
    year = {1997},
    journal = {Food Cosmetics Drug Packaging},
    author = {Floros, John D. and Dock, L. L. and Han, J. H.},
    number = {2},
    pages = {10--17},
    volume = {20}
}

@article{Jannelli2006AdaptiveComplexity,
    title = {{Adaptive stiff solvers at low accuracy and complexity}},
    year = {2006},
    journal = {Journal of Computational and Applied Mathematics},
    author = {Jannelli, Alessandra and Fazio, Riccardo},
    number = {2},
    pages = {246--258},
    volume = {191},
    url = {http://www.sciencedirect.com/science/article/pii/S0377042705005534},
    doi = {https://doi.org/10.1016/j.cam.2005.06.041},
    issn = {0377-0427},
    keywords = {Adaptive step size, Linearly implicit and implicit numerical methods, Stiff ordinary differential equations}
}

@article{Adachi1995AutoxidationEsters,
    title = {{Autoxidation kinetics for fatty acids and their esters}},
    year = {1995},
    journal = {Journal of the American Oil Chemists' Society},
    author = {Adachi, Shuji and Ishiguro, Tatsuji and Matsuno, Ryuichi},
    number = {5},
    month = {5},
    pages = {547--551},
    volume = {72},
    url = {http://doi.wiley.com/10.1007/BF02638855},
    doi = {10.1007/BF02638855},
    issn = {0003021X}
}

@article{Li2012Characterization14-Polybutadiene,
    title = {{Characterization of Oxygen Scavenging Films Based on 1,4-Polybutadiene}},
    year = {2012},
    journal = {Industrial {\&} Engineering Chemistry Research},
    author = {Li, Hua and Tung, Kevin K. and Paul, D. R. and Freeman, Benny D. and Stewart, Mark E. and Jenkins, Jason C.},
    number = {21},
    month = {5},
    pages = {7138--7145},
    volume = {51},
    url = {https://pubs.acs.org/doi/10.1021/ie201905j},
    doi = {10.1021/ie201905j},
    issn = {0888-5885}
}

@book{Boissevain1996CorporateGuide,
    title = {{Corporate Health and Safety: Managing Environmental Issues in the Workplace : an Industrial Hygiene Guide}},
    year = {1996},
    author = {Boissevain, A L and George, E A},
    series = {Industrial Hygiene Guide},
    publisher = {Ergonomics, Incorporated},
    url = {https://books.google.com.co/books?id=F7_3PQAACAAJ},
    isbn = {9780964857001}
}

@article{Mills2006DemonstrationFilm,
    title = {{Demonstration of a novel, flexible, photocatalytic oxygen-scavenging polymer film}},
    year = {2006},
    journal = {Journal of Photochemistry and Photobiology A: Chemistry},
    author = {Mills, Andrew and Doyle, Gerry and Peiro, Ana M. and Durrant, James},
    number = {2-3},
    month = {1},
    pages = {328--331},
    volume = {177},
    url = {https://linkinghub.elsevier.com/retrieve/pii/S101060300500290X},
    doi = {10.1016/j.jphotochem.2005.06.001},
    issn = {10106030}
}

@article{Yildirim2015DevelopmentThickness,
    title = {{Development of Palladium-based Oxygen Scavenger: Optimization of Substrate and Palladium Layer Thickness}},
    year = {2015},
    journal = {Packaging Technology and Science},
    author = {Yildirim, Selçuk and R{\"{o}}cker, Bettina and R{\"{u}}egg, Nadine and Lohwasser, Wolfgang},
    number = {8},
    month = {8},
    pages = {710--718},
    volume = {28},
    url = {http://doi.wiley.com/10.1002/pts.2134},
    doi = {10.1002/pts.2134},
    issn = {08943214}
}

@misc{ArellanoAyala2019EfectosAntioxidantes,
    title = {{Efectos Sobre Las Propiedades Caracteristicas Del Polipropileno (PP) Debido A La Incorporaci{\'{o}}n De Nano-Agentes Antioxidantes}},
    year = {2019},
    author = {Arellano Ayala, Alejandro},
    institution = {Universidad de los Andes},
    address = {Bogot{\'{a}}}
}

@article{Gaikwad2020EthyleneProduce,
    title = {{Ethylene scavengers for active packaging of fresh food produce}},
    year = {2020},
    journal = {Environmental Chemistry Letters},
    author = {Gaikwad, Kirtiraj K. and Singh, Suman and Negi, Yuvraj Singh},
    number = {2},
    month = {3},
    pages = {269--284},
    volume = {18},
    url = {http://link.springer.com/10.1007/s10311-019-00938-1},
    doi = {10.1007/s10311-019-00938-1},
    issn = {1610-3653}
}

@misc{GonzalezPungo2018EvaluacionActivos,
    title = {{Evaluaci{\'{o}}n del uso de co- precursores de s{\'{i}}lice en el encapsulamiento de aceite de linaza a trav{\'{e}}s del m{\'{e}}todo Sol-Gel para uso potencial como absorbedor de ox{\'{i}}geno en empaques activos}},
    year = {2018},
    author = {Gonz{\'{a}}lez Pungo, Maria Fernanda},
    institution = {Universidad de los Andes},
    address = {Bogot{\'{a}}},
    keywords = {Aceite de linaza, An{\'{a}}lisis Termo gravim{\'{e}}trico, Emulsi{\'{o}}n, Encapsulamiento Sol-Gel, Porcentaje de Carga, co precursor de S{\'{i}}lice, hidrofobicidad}
}

@article{Cruz2006EvaluationPacked,
    title = {{Evaluation of oxygen absorber on antimicrobial preservation of lasagna-type fresh pasta under vacuum packed}},
    year = {2006},
    journal = {Ci{\^{e}}ncia e Agrotecnologia},
    author = {Cruz, Renato Souza and Soares, Nilda de Fátima Ferreira and Andrade, Nélio José de},
    number = {6},
    month = {12},
    pages = {1135--1138},
    volume = {30},
    url = {http://www.scielo.br/scielo.php?script=sci_arttext&pid=S1413-70542006000600015&lng=en&tlng=en},
    doi = {10.1590/S1413-70542006000600015},
    issn = {1413-7054}
}

@book{LeVeque2007FiniteProblems,
    title = {{Finite difference methods for ordinary and partial differential equations: steady-state and time-dependent problems}},
    year = {2007},
    author = {LeVeque, Randall J},
    volume = {98},
    publisher = {Siam}
}

@article{Emanuel2019FoodPerspective,
    title = {{Food Packaging Development: Recent Perspective}},
    year = {2019},
    journal = {Journal of Thin Films, Coating Science Technology and Application},
    author = {Emanuel, Neela and Sandhu, Harloveleen},
    pages = {13--29},
    volume = {6}
}

@incollection{TeckKim2014GeneralSystem,
    title = {{General Characteristics of Packaging Materials for Food System}},
    year = {2014},
    booktitle = {Innovations in Food Packaging},
    author = {Teck Kim, Young and Min, Byungjin and Won Kim, Kyung},
    pages = {13--35},
    publisher = {Elsevier},
    url = {https://linkinghub.elsevier.com/retrieve/pii/B9780123946010000023},
    doi = {10.1016/B978-0-12-394601-0.00002-3}
}

@article{Uluata2015HowEmulsions,
    title = {{How the Multiple Antioxidant Properties of Ascorbic Acid Affect Lipid Oxidation in Oil-in-Water Emulsions}},
    year = {2015},
    journal = {Journal of Agricultural and Food Chemistry},
    author = {Uluata, Sibel and McClements, D. Julian and Decker, Eric A.},
    number = {6},
    month = {2},
    pages = {1819--1824},
    volume = {63},
    url = {https://pubs.acs.org/doi/10.1021/jf5053942},
    doi = {10.1021/jf5053942},
    issn = {0021-8561}
}

@article{Ruuth1995Implicit-explicitFormation,
    title = {{Implicit-explicit methods for reaction-diffusion problems in pattern formation}},
    year = {1995},
    journal = {Journal of Mathematical Biology},
    author = {Ruuth, Steven J},
    number = {2},
    pages = {148--176},
    volume = {34},
    publisher = {Springer}
}

@article{Yam2005IntelligentApplications,
    title = {{Intelligent Packaging: Concepts and Applications}},
    year = {2005},
    journal = {Journal of Food Science},
    author = {Yam, Kit L. and Takhistov, Paul T. and Miltz, Joseph},
    number = {1},
    month = {1},
    pages = {R1-R10},
    volume = {70},
    url = {http://doi.wiley.com/10.1111/j.1365-2621.2005.tb09052.x},
    doi = {10.1111/j.1365-2621.2005.tb09052.x},
    issn = {00221147}
}

@incollection{Rooney2005IntroductionTechnologies,
    title = {{Introduction to active food packaging technologies}},
    year = {2005},
    booktitle = {Innovations in Food Packaging},
    author = {Rooney, Michael L.},
    pages = {63--79},
    publisher = {Elsevier},
    url = {https://linkinghub.elsevier.com/retrieve/pii/B9780123116321500371},
    doi = {10.1016/B978-012311632-1/50037-1}
}

@phdthesis{GarciaMora2015KineticScavengers,
    title = {{Kinetic Modeling of Oxygen Absorption by Unsaturated Esters and Linseed Oil to be used as Oxygen Scavengers}},
    year = {2015},
    author = {Garc{\'{i}}a Mora, Angela María},
    school = {Ecole nationale sup{\'{e}}rieure d'Arts et M{\'{e}}tiers / ENSAM},
    keywords = {Empaques activos, absorbentes de ox{\'{i}}geno, aceite de linaza, modelado cin{\'{e}}tico, oxidaci{\'{o}}n t{\'{e}}rmica, predicci{\'{o}}n de consumo de ox{\'{i}}geno.}
}

@inproceedings{Pant2018KineticScavenger,
    title = {{Kinetic modelling of scavenger reactions: Parameter estimation for a gallic acid-based oxygen scavenger}},
    year = {2018},
    booktitle = {International Conference on Simulation and Modelling in the Food and Bio-Industry (FOODSIM)},
    author = {Pant, Astrid F. and Reinelt, Matthias},
    pages = {89--94},
    publisher = {Fraunhofer IVV},
    url = {http://publica.fraunhofer.de/documents/N-520718.html},
    address = {Ghent}
}

@article{Labuza1971KineticsFoods,
    title = {{Kinetics of lipid oxidation in foods}},
    year = {1971},
    journal = {C R C Critical Reviews in Food Technology},
    author = {Labuza, Theodore P. and Dugan, L. R.},
    number = {3},
    month = {10},
    pages = {355--405},
    volume = {2},
    url = {http://www.tandfonline.com/doi/abs/10.1080/10408397109527127},
    doi = {10.1080/10408397109527127},
    issn = {0007-9006}
}

@article{Bolland1949KineticsOxidation,
    title = {{Kinetics of olefin oxidation}},
    year = {1949},
    journal = {Quarterly Reviews, Chemical Society},
    author = {Bolland, J. L.},
    number = {1},
    pages = {1},
    volume = {3},
    url = {http://xlink.rsc.org/?DOI=qr9490300001},
    doi = {10.1039/qr9490300001},
    issn = {0009-2681}
}

@misc{Instruments2019ModelAnalyzer,
    title = {{Model 901 Headspace Oxygen Analyzer}},
    year = {2019},
    booktitle = {Quantek Instruments, Inc},
    author = {Instruments, Quantek},
    url = {http://www.quantekinstruments.com/model-901-headspace-oxygen-analyzer/}
}

@article{Gaikwad2019MoistureApplications,
    title = {{Moisture absorbers for food packaging applications}},
    year = {2019},
    journal = {Environmental Chemistry Letters},
    author = {Gaikwad, Kirtiraj K. and Singh, Suman and Ajji, Abdellah},
    number = {2},
    month = {6},
    pages = {609--628},
    volume = {17},
    url = {http://link.springer.com/10.1007/s10311-018-0810-z},
    doi = {10.1007/s10311-018-0810-z},
    issn = {1610-3653}
}

@article{Ishido2001OxidationEster,
    title = {{Oxidation of Linoleic Acid and Methyl Linoleate Mixed with Saturated Fatty Acid or its Methyl Ester}},
    year = {2001},
    journal = {LWT - Food Science and Technology},
    author = {Ishido, Eiichiro and Minemoto, Yasumasa and Adachi, Shuji and Matsuno, Ryuichi},
    number = {4},
    month = {6},
    pages = {234--238},
    volume = {34},
    url = {https://linkinghub.elsevier.com/retrieve/pii/S0023643801907558},
    doi = {10.1006/fstl.2001.0755},
    issn = {00236438}
}

@article{Hess1950OxidationOil,
    title = {{Oxidation of Linseed Oil}},
    year = {1950},
    journal = {Industrial {\&} Engineering Chemistry},
    author = {Hess, P. S. and O'Hare, G. A.},
    number = {7},
    month = {7},
    pages = {1424--1431},
    volume = {42},
    url = {https://pubs.acs.org/doi/abs/10.1021/ie50487a044},
    doi = {10.1021/ie50487a044},
    issn = {0019-7866}
}

@article{Yang2001OxygenChemistry,
    title = {{Oxygen barriers that use free radical chemistry}},
    year = {2001},
    journal = {AIChE Journal},
    author = {Yang, Chuanfang and Cussler, E. L.},
    number = {12},
    month = {12},
    pages = {2725--2732},
    volume = {47},
    url = {http://doi.wiley.com/10.1002/aic.690471212},
    doi = {10.1002/aic.690471212},
    issn = {00011541}
}

@misc{Dey2019OxygenReview,
    title = {{Oxygen scavengers for food packaging applications: A review}},
    year = {2019},
    booktitle = {Trends in Food Science and Technology},
    author = {Dey, Aishee and Neogi, Sudarsan},
    month = {8},
    pages = {26--34},
    volume = {90},
    publisher = {Elsevier},
    url = {https://www.sciencedirect.com/science/article/abs/pii/S0924224418305818?via%3Dihub},
    doi = {10.1016/j.tifs.2019.05.013},
    issn = {09242244},
    keywords = {Active packaging, Food quality, Oxygen scavengers, Shelf life}
}

@incollection{Souza2012OxygenPreservation,
    title = {{Oxygen Scavengers: An Approach on Food Preservation}},
    year = {2012},
    booktitle = {Structure and Function of Food Engineering},
    author = {Souza, Renato and Peruch, Geany and Santos Pires, Ana Clarissa dos},
    month = {8},
    publisher = {InTech},
    url = {http://www.intechopen.com/books/structure-and-function-of-food-engineering/oxygen-scavengers-an-approach-on-food-preservation},
    doi = {10.5772/48453}
}

@article{Gibis2011OxygenApplication,
    title = {{Oxygen scavenging films for food application}},
    year = {2011},
    journal = {Procedia Food Science},
    author = {Gibis, Doris and Rieblinger, Klaus},
    pages = {229--234},
    volume = {1},
    url = {https://linkinghub.elsevier.com/retrieve/pii/S2211601X1100037X},
    doi = {10.1016/j.profoo.2011.09.036},
    issn = {2211601X}
}

@article{Gaikwad2018OxygenPackaging,
    title = {{Oxygen scavenging films in food packaging}},
    year = {2018},
    journal = {Environmental Chemistry Letters},
    author = {Gaikwad, Kirtiraj K. and Singh, Suman and Lee, Youn Suk},
    number = {2},
    month = {6},
    pages = {523--538},
    volume = {16},
    url = {http://link.springer.com/10.1007/s10311-018-0705-z},
    doi = {10.1007/s10311-018-0705-z},
    issn = {1610-3653}
}

@incollection{Cooksey2010OxygenSystems,
    title = {{Oxygen Scavenging Packaging Systems}},
    year = {2010},
    booktitle = {Encyclopedia of Polymer Science and Technology},
    author = {Cooksey, Kay},
    month = {4},
    publisher = {John Wiley {\&} Sons, Inc.},
    url = {http://doi.wiley.com/10.1002/0471440264.pst570},
    address = {Hoboken, NJ, USA},
    doi = {10.1002/0471440264.pst570}
}

@incollection{Vermeiren2003OxygenScavengers,
    title = {{Oxygen, ethylene and other scavengers}},
    year = {2003},
    booktitle = {Novel Food Packaging Techniques},
    author = {Vermeiren, L. and Heirlings, L. and Devlieghere, F. and Debevere, J.},
    pages = {22--49},
    publisher = {Elsevier},
    url = {https://linkinghub.elsevier.com/retrieve/pii/B9781855736757500079},
    doi = {10.1533/9781855737020.1.22}
}

@misc{Miranda2005PolylacticArticle,
    title = {{Poly(lactic acid) in oxygen scavenging article}},
    year = {2005},
    author = {Miranda, Nathanael R. and Speer, Drew V.},
    pages = {9}
}

@article{Larsen2002PredictingMethod,
    title = {{Predicting changes in oxygen concentration in the headspace of nitrogen flushed packages by the ambient oxygen ingress rate method}},
    year = {2002},
    journal = {Packaging Technology and Science},
    author = {Larsen, Hanne and Kohler, Achim and Magnus, Ellen Merethe},
    number = {3},
    month = {5},
    pages = {139--146},
    volume = {15},
    url = {http://doi.wiley.com/10.1002/pts.579},
    doi = {10.1002/pts.579},
    issn = {0894-3214}
}

@article{VanBree2010PredictingTool,
    title = {{Predicting the headspace oxygen level due to oxygen permeation across multilayer polymer packaging materials: A practical software simulation tool}},
    year = {2010},
    journal = {Innovative Food Science {\&} Emerging Technologies},
    author = {Van Bree, I. and De Meulenaer, B. and Samapundo, S. and Vermeulen, A. and Ragaert, P. and Maes, K.C. and De Baets, B. and Devlieghere, F.},
    number = {3},
    month = {7},
    pages = {511--519},
    volume = {11},
    url = {https://linkinghub.elsevier.com/retrieve/pii/S1466856410000093},
    doi = {10.1016/j.ifset.2010.01.007},
    issn = {14668564}
}

@inproceedings{DiMaio2014PreparationPackaging,
    title = {{Preparation and characterization of biodegradable active PLA film for food packaging}},
    year = {2014},
    author = {Di Maio, L. and Scarfato, P. and Avallone, E. and Galdi, M. R. and Incarnato, L.},
    pages = {338--341},
    url = {http://aip.scitation.org/doi/abs/10.1063/1.4873795},
    doi = {10.1063/1.4873795}
}

@article{Scarfato2017PreparationApplications,
    title = {{Preparation, characterization, and oxygen scavenging capacity of biodegradable {$\alpha$}-tocopherol/PLA microparticles for active food packaging applications}},
    year = {2017},
    journal = {Polymer Composites},
    author = {Scarfato, Paola and Avallone, Elvira and Galdi, Maria Rosaria and Di Maio, Luciano and Incarnato, Loredana},
    number = {5},
    month = {5},
    pages = {981--986},
    volume = {38},
    url = {http://doi.wiley.com/10.1002/pc.23661},
    doi = {10.1002/pc.23661},
    issn = {02728397}
}

@article{Galdi2008ProductionActivity,
    title = {{Production of active PET films: evaluation of scavenging activity}},
    year = {2008},
    journal = {Packaging Technology and Science},
    author = {Galdi, M. R. and Nicolais, V. and Di Maio, L. and Incarnato, L.},
    number = {5},
    month = {8},
    pages = {257--268},
    volume = {21},
    url = {http://doi.wiley.com/10.1002/pts.794},
    doi = {10.1002/pts.794},
    issn = {08943214}
}

@article{Dombre2015ProtectionSolution,
    title = {{Protection of methionol against oxidation by oxygen scavenger: An experimental and modelling approach in wine model solution}},
    year = {2015},
    journal = {Food Packaging and Shelf Life},
    author = {Dombre, Clara and Guillard, Valérie and Chalier, Pascale},
    month = {3},
    pages = {76--87},
    volume = {3},
    url = {https://linkinghub.elsevier.com/retrieve/pii/S2214289415000046},
    doi = {10.1016/j.fpsl.2015.01.002},
    issn = {22142894}
}

@article{Richaud2012RateChemiluminescence,
    title = {{Rate constants of oxidation of unsaturated fatty esters studied by chemiluminescence}},
    year = {2012},
    journal = {Chemistry and Physics of Lipids},
    author = {Richaud, Emmanuel and Audouin, Ludmila and Fayolle, Bruno and Verdu, Jacques and Matisov{\'{a}}-Rychl{\'{a}}, Lyda and Rychl{\'{y}}, Jozef},
    number = {7},
    month = {10},
    pages = {753--759},
    volume = {165},
    url = {https://linkinghub.elsevier.com/retrieve/pii/S000930841200103X},
    doi = {10.1016/j.chemphyslip.2012.09.002},
    issn = {00093084}
}

@techreport{Smithers2019The2024,
    title = {{The Future of Global Packaging to 2024}},
    year = {2019},
    author = {{Smithers}}
}

@inproceedings{Turner-Walker2012TheDegreasing,
    title = {{The Removal of Fatty Residues from a Collection of Historic Whale Skeletons in Bergen: An Aqueous Approach to Degreasing}},
    year = {2012},
    author = {Turner-Walker, Gordon},
    doi = {10.13140/2.1.1996.8969}
}

@article{Mahieu2015ThermoplasticContent,
    title = {{Thermoplastic starch films and thermoplastic starch / polycaprolactone blends with oxygen-scavenging properties: Influence of water content}},
    year = {2015},
    journal = {Industrial Crops and Products},
    author = {Mahieu, A. and Terri{\'{e}}, C. and Youssef, B.},
    month = {10},
    pages = {192--199},
    volume = {72},
    url = {https://linkinghub.elsevier.com/retrieve/pii/S0926669014007390},
    doi = {10.1016/j.indcrop.2014.11.037},
    issn = {09266690}
}

@misc{Alvarado2020ValidacionesEncapsulados,
    title = {{Validaciones tecnol{\'{o}}gicas e investigativas del proyecto Absorbedores de ox{\'{i}}geno a base de aceites esenciales encapsulados}},
    year = {2020},
    author = {Alvarado, Juan Felipe},
    address = {Bogot{\'{a}}}
}

@article{Janjarasskul2011WheyAcid,
    title = {{Whey Protein Film with Oxygen Scavenging Function by Incorporation of Ascorbic Acid}},
    year = {2011},
    journal = {Journal of Food Science},
    author = {Janjarasskul, Theeranun and Tananuwong, Kanitha and Krochta, John M.},
    number = {9},
    month = {11},
    pages = {E561-E568},
    volume = {76},
    url = {http://doi.wiley.com/10.1111/j.1750-3841.2011.02409.x},
    doi = {10.1111/j.1750-3841.2011.02409.x},
    issn = {00221147}
}